{1:A21TEST12AXXXXX0000000000}{2:O9400000151115TEST12AXXXXX00000000000101011200N}{3:{113:2740}{118:MT940950GEN}{4:
:20:MT94050GEN000000
:25:000012345
:28C:00001/00001
:60F:C151014EUR0
:61:1510151015C100S202Luvly//Spam
:61:1510141015D0,55NMSCWhat have the//
Romans ever done for us?
:86:You can put quite a long reference here if you wish. 123456789
:62M:C151015EUR99,45
-}{5:}
{1:A21TEST12AXXXXX0000000000}{2:O9400000151115TEST12AXXXXX00000000000101011200N}{3:{113:2740}{118:MT940950GEN}{4:
:20:MT94050GEN000001
:25:12345
:28C:00001/00002
:60M:C151014EUR99,45
:61:1510151015RC1618033989,00S10189Cut down the //mightiest tree 
WITH A H3RR1NG!!1!1!
:62F:D151015EUR1618033889
:64:C151015EUR4238,05
-}{5:}
{1:A21TEST12AXXXXX0000000000}{2:O9400000151115TEST12AXXXXX00000000000101011200N}{3:{113:2740}{118:MT940950GEN}{4:
:20:MT94050GEN000002
:25:ABC00067
:28C:00001/00001
:60F:C151105USD5521,33
:61:0710021104RD3200,00DRFTAHH SHH//TEST IT
TA TEST IT REAL GOOD
:61:1511031104C2,32STRF//
:61:1511051105D5611,11NCHG//66332707721194
          TEN SPACES
:86:0012993826188276493882993884322
:62F:C151105USD3112,54
:20:KNIGHTSOFNEE1234
:25:ABC00070
:28C:00001/00001
:60F:C151109GBP9288176,01
:61:1511091110D9000000,01S123//
0000 That’s a lot of money
:86:PPPPPPPPPP    989289899++== S101!!!
:61:1511091110D300000S000SPAM SPAM SPAM//
:86:98008777 REF1678803999 ADRS 789 Python Avenue, Spamtown Ph:555-123-9876
:62M:D151109GBP11824,00
:20:MT94050GEN000003
:25:ABC00070
:28C:00001/00002
:60M:D151110GBP11824,00
:61:1511101110C1S00S000122222//93884893
123123125444
:61:1511101110C33,33S  TX//CHEESY DIBBLES
:86:The last item to go. Goodbye everyone.
:62F:D151110GBP11789,67
:64:D151110GBP1789,67
-}{5:}